@book{aiw,
    title = "Alice's Adventures in Wonderland",
    author = "Lewis Carroll",
    publisher = "George MacDonald",
    year = 1865
}

@misc{microservice,
  author = {borntoDev},
  title = {Microservices คืออะไร ใช้ยังไง ?},
  url = {https://www.borntodev.com/2020/05/22/microservices-%E0%B8%84%E0%B8%B7%E0%B8%AD%E0%B8%AD%E0%B8%B0%E0%B9%84%E0%B8%A3/},
  year = {22 พฤษภาคม 2020}
}
